<?xml version="1.0" encoding="UTF-8"?><collection xmlns="http://www.loc.gov/MARC21/slim"><record><leader>00630nam--2200205-i-4500</leader><controlfield tag="001">000025379</controlfield><controlfield tag="002">20161230</controlfield><controlfield tag="005">20161230201035</controlfield><controlfield tag="008">060222s1000------------r-----000-0-ger-d</controlfield><datafield ind1=" " ind2=" " tag="040"><subfield code="a">IFIN-HH</subfield></datafield><datafield ind1=" " ind2=" " tag="041"><subfield code="a">ger</subfield></datafield><datafield ind1=" " ind2=" " tag="080"><subfield code="a">537.632.5:535.33</subfield></datafield><datafield ind1="1" ind2=" " tag="100"><subfield code="a">Back, E</subfield></datafield><datafield ind1="1" ind2="0" tag="245"><subfield code="a">Zeemaneffekt. ergebnisse und anwendungen der spektroskopie. ramaneffekt</subfield><subfield code="b">Handbuch der experimentalphysik</subfield><subfield code="c">E. back, g. joos</subfield></datafield><datafield ind1=" " ind2=" " tag="260"><subfield code="a">Leipzig</subfield><subfield code="b">Akademische Verlagsgesellschaft M.B.H</subfield><subfield code="c">1929</subfield></datafield><datafield ind1=" " ind2=" " tag="300"><subfield code="a">X + 436P</subfield></datafield><datafield ind1=" " ind2=" " tag="490"><subfield code="a">Handbuch Der Experimentalphysiik</subfield><subfield code="v">Band 22</subfield></datafield><datafield ind1="1" ind2=" " tag="700"><subfield code="a">Joos, G</subfield></datafield><datafield ind1=" " ind2=" " tag="852"><subfield code="a">44507</subfield><subfield code="c">H.H</subfield></datafield><datafield ind1=" " ind2=" " tag="CAT"><subfield code="a">Sys</subfield><subfield code="c">20130410</subfield><subfield code="h">103219</subfield></datafield></record></collection>